<?xml version="1.0" encoding="UTF-8"?><record xmlns="http://www.loc.gov/MARC21/slim" xmlns:cinclude="http://apache.org/cocoon/include/1.0" xmlns:zs="http://www.loc.gov/zing/srw/">
  <leader>00475cz  a2200133n  4500</leader>
  <controlfield tag="001">n  85194217 </controlfield>
  <controlfield tag="003">DLC</controlfield>
  <controlfield tag="005">20080704080259.0</controlfield>
  <controlfield tag="008">851205n| acannaabn          |n ana     c</controlfield>
  <datafield tag="010" ind1=" " ind2=" ">
    <subfield code="a">n  85194217 </subfield>
  </datafield>
  <datafield tag="035" ind1=" " ind2=" ">
    <subfield code="a">(OCoLC)oca01447373</subfield>
  </datafield>
  <datafield tag="040" ind1=" " ind2=" ">
    <subfield code="a">DGPO</subfield>
    <subfield code="b">eng</subfield>
    <subfield code="c">DLC</subfield>
    <subfield code="d">DLC</subfield>
    <subfield code="d">OCoLC</subfield>
  </datafield>
  <datafield tag="110" ind1="1" ind2=" ">
    <subfield code="a">United States.</subfield>
    <subfield code="b">Bureau of Indian Affairs.</subfield>
    <subfield code="b">Division of Real Estate Services</subfield>
  </datafield>
  <datafield tag="670" ind1=" " ind2=" ">
    <subfield code="a">Bluewing Enterprises Lmtd. Probates, 1985:</subfield>
    <subfield code="b">cover (Bureau of Indian Affairs, Division of Real Estate Services)</subfield>
  </datafield>
</record>